@article{azose2016probabilistic,
  title={Probabilistic population projections with migration uncertainty},
  author={Azose, Jonathan J and {\v{S}}ev{\v{c}}{\'\i}kov{\'a}, Hana and Raftery, Adrian E},
  journal={Proceedings of the National Academy of Sciences},
  volume={113},
  number={23},
  pages={6460--6465},
  year={2016},
  publisher={National Acad Sciences}
}
@article{bermingham2014understanding,
  title={Understanding and forecasting aggregate and disaggregate price dynamics},
  author={Bermingham, Colin and Dâ€™Agostino, Antonello},
  journal={Empirical Economics},
  volume={46},
  number={2},
  pages={765--788},
  year={2014},
  publisher={Springer}
}
@article{cappelen2014forecasting,
  title={Forecasting immigration in official population projections using an econometric model},
  author={Cappelen, {\AA}dne and Skjerpen, Terje and T{\o}nnessen, Marianne},
  journal={International Migration Review},
  volume={49},
  number={4},
  pages={945--980},
  year={2015},
  publisher={Wiley Online Library}
}

@article{hendry2006forecasting,
  title={Forecasting economic aggregates by disaggregates},
  author={Hendry, David F and Hubrich, Kirstin Susanne},
  year={2006}
}
@article{hindrayanto2014trend,
  title={On trend-cycle-seasonal interactions},
  author={Hindrayanto, Irma and Jacobs, Jan and Osborn, Denise},
  year={2014}
}
@book{alvarez2003potential,
  title={Potential migration from Central and Eastern Europe into the EU-15: An update},
  author={Alvarez-Plata, Patricia and Br{\"u}cker, Herbert and Siliverstovs, Boriss},
  year={2003},
  publisher={European Commission, Directorate-General for Employment and Social Affairs, Unit A. 1}
}
@article{azose2015bayesian,
  title={Bayesian Probabilistic Projection of International Migration},
  author={Azose, Jonathan J and Raftery, Adrian E},
  journal={Demography},
  volume={52},
  number={5},
  pages={1627--1650},
  year={2015},
  publisher={Springer}
}
@article{bijak2010bayesian,
  title={Bayesian forecasting of immigration to selected European countries by using expert knowledge},
  author={Bijak, Jakub and Wi{\'s}niowski, Arkadiusz},
  journal={Journal of the Royal Statistical Society: Series A (Statistics in Society)},
  volume={173},
  number={4},
  pages={775--796},
  year={2010},
  publisher={Wiley Online Library}
}
@book{bijak2010forecasting,
  title={Forecasting international migration in Europe: A Bayesian view},
  author={Bijak, Jakub},
  volume={24},
  year={2010},
  publisher={Springer Science \& Business Media}
}
@article{Billari2014,
author="Billari, Francesco and Graziani, Rebecca and Melilli, Eugenio",
title="Stochastic Population Forecasting Based on Combinations of Expert Evaluations Within the Bayesian Paradigm",
journal="Demography",
year="2014",
volume="51",
number="5",
pages="1933--1954",
doi="10.1007/s13524-014-0318-5"
}
@article{blake2012applied,
title = {Applied Bayesian econometrics for central bankers},
author = {Blake, Andrew and Mumtaz, Haroon},
year = {2012},
edition = {1},
publisher = {Centre for Central Banking Studies, Bank of England}
}
@article{neal2011mcmc,
  title={MCMC using Hamiltonian dynamics},
  author={Neal, Radford M and others},
  journal={Handbook of Markov Chain Monte Carlo},
  volume={2},
  number={11},
  year={2011},
  publisher={CRC Press New York, NY}
}
@article{buerkner2016package,
   author = {Paul-Christian B{\"u}rkner},
   title = {brms: An R Package for Bayesian Multilevel Models Using Stan},
   journal = {Journal of Statistical Software, Articles},
   volume = {80},
   number = {1},
   year = {2017},
   pages = {1--28},
   doi = {10.18637/jss.v080.i01}
}
@article{cappelen2015forecasting,
  title={Forecasting immigration in official population projections using an econometric model},
  author={Cappelen, {\AA}dne and Skjerpen, Terje and T{\o}nnessen, Marianne},
  journal={International Migration Review},
  volume={49},
  number={4},
  pages={945--980},
  year={2015},
  publisher={Wiley Online Library}
}

@inproceedings{carvalho2009handling,
  title={Handling Sparsity via the Horseshoe.},
  author={Carvalho, Carlos M and Polson, Nicholas G and Scott, James G},
  booktitle={AISTATS},
  volume={5},
  pages={73--80},
  year={2009}
}

@article{carvalho2010horseshoe,
  title={The horseshoe estimator for sparse signals},
  author={Carvalho, Carlos M and Polson, Nicholas G and Scott, James G},
  journal={Biometrika},
  pages={asq017},
  year={2010},
  publisher={Biometrika Trust}
}
@article{gelman2017beyond,
  title={Beyond subjective and objective in statistics},
  author={Gelman, Andrew and Hennig, Christian},
  journal={Journal of the Royal Statistical Society, Series A},
  year={2017}
}

@article{cohen2008international,
  title={International migration beyond gravity: A statistical model for use in population projections},
  author={Cohen, Joel E and Roig, Marta and Reuman, Daniel C and GoGwilt, Cai},
  journal={Proceedings of the National Academy of Sciences},
  volume={105},
  number={40},
  pages={15269--15274},
  year={2008},
  publisher={National Acad Sciences}
}

@article{de1997effect,
  title={The effect of uncertainty of migration on national population forecasts: The case of the Netherlands},
  author={De Beer, Joop},
  journal={Journal of Official Statistics-Stockholm},
  volume={13},
  pages={227--244},
  year={1997},
  publisher={ALMQVIST \& WIKSELL INTERNATIONAL}
}

@techreport{disney2015evaluation,
  title={Evaluation of existing migration forecasting methods and models},
  author={Disney, George and Wi{\'s}niowski, Arkadiusz and Forster, Jonathan J and Smith, Peter WF and Bijak, Jakub},
  year={2015},
  institution ={ESRC Centre for Population Change, University of Southampton},
  journal={Discussion paper}
}
@InProceedings{duchon1977splines,
author={Duchon, Jean},
editor={Schempp, Walter and Zeller, Karl},
title={Splines minimizing rotation-invariant semi-norms in Sobolev spaces},
booktitle={Constructive Theory of Functions of Several Variables},
year={1977},
publisher={Springer Berlin Heidelberg},
address={Berlin, Heidelberg},
pages={85--100}
}


@article{durbin1975seasonal,
  title={Seasonal Adjustment Based on a Mixed Additive--Multiplicative Model},
  author={Durbin, James and Murphy, MJ},
  journal={Journal of the Royal Statistical Society. Series A (General)},
  pages={385--410},
  year={1975},
  publisher={JSTOR}
}

@article{gelman2006prior,
  title={Prior distributions for variance parameters in hierarchical models (comment on article by Browne and Draper)},
  author={Gelman, Andrew and others},
  journal={Bayesian analysis},
  volume={1},
  number={3},
  pages={515--534},
  year={2006},
  publisher={International Society for Bayesian Analysis}
}

@article{geweke2006bayesian,
  title={Bayesian forecasting},
  author={Geweke, John and Whiteman, Charles},
  journal={Handbook of economic forecasting},
  volume={1},
  pages={3--80},
  year={2006},
  publisher={Elsevier}
}

@article{hajnal1955prospects,
  title={The prospects for population forecasts},
  author={Hajnal, John},
  journal={Journal of the American Statistical Association},
  volume={50},
  number={270},
  pages={309--322},
  year={1955},
  publisher={Taylor \& Francis}
}

@article{loo2016,
    title = {Practical Bayesian model evaluation using leave-one-out
      cross-validation and WAIC},
    author = {Aki Vehtari and Andrew Gelman and Jonah Gabry},
    year = {2016},
    journal = {Statistics and Computing},
    doi = {10.1007/s11222-016-9696-4},
}
  
@misc{StanPrior,
  title = {{Stan Prior Choice Recommendations}},
  author={H{\aa}vard, Rue},
  howpublished = {\url{https://github.com/stan-dev/stan/wiki/Prior-Choice-Recommendations}},
  note = {Accessed: 2016-11-15},
  year = 2016
}

@article{hoffman2014no,
  title={The No-U-turn sampler: adaptively setting path lengths in Hamiltonian Monte Carlo.},
  author={Hoffman, Matthew D and Gelman, Andrew},
  journal={Journal of Machine Learning Research},
  volume={15},
  number={1},
  pages={1593--1623},
  year={2014}
}                

@article{hyndman2006another,
  title={Another look at measures of forecast accuracy},
  author={Hyndman, Rob J and Koehler, Anne B},
  journal={International journal of forecasting},
  volume={22},
  number={4},
  pages={679--688},
  year={2006},
  publisher={Elsevier}
}

@article{keilman2002population,
  title={Why population forecasts should be probabilistic--illustrated by the case of Norway},
  author={Keilman, Nico and Pham, Dinh Quang and Hetland, Arve and others},
  journal={Demographic Research},
  volume={6},
  number={15},
  pages={409--454},
  year={2002},
  publisher={Max Planck Institute for Demographic Research, Rostock, Germany}
}

@article{koopman2009seasonality,
  title={Seasonality with trend and cycle interactions in unobserved components models},
  author={Koopman, Siem Jan and Lee, Kai Ming},
  journal={Journal of the Royal Statistical Society: Series C (Applied Statistics)},
  volume={58},
  number={4},
  pages={427--448},
  year={2009},
  publisher={Wiley Online Library}
}

@article{lee1994stochastic,
  title={Stochastic population forecasts for the United States: Beyond high, medium, and low},
  author={Lee, Ronald and Tuljapurkar, Shripad},
  journal={Journal of the American Statistical Association},
  volume={89},
  number={428},
  pages={1175--1189},
  year={1994},
  publisher={Taylor \& Francis}
}

@article {lutz2004,
author = {Lutz, Wolfgang and Goldstein, Joshua},
title = {Introduction: How to Deal with Uncertainty in Population Forecasting?},
journal = {International Statistical Review},
volume = {72},
number = {1},
publisher = {Blackwell Publishing Ltd},
doi = {10.1111/j.1751-5823.2004.tb00219.x},
pages = {1--4},
year = {2004},
}

@article{christofseiler:Neal2010MCMC,
    author = {Neal, Radford M.},
    citeulike-article-id = {12118398},
    journal = {Handbook of Markov Chain Monte Carlo},
    pages = {113--162},
    posted-at = {2013-03-06 23:35:00},
    priority = {2},
    title = {{MCMC} Using {Hamiltonian} Dynamics},
    volume = {54},
    year = {2010}
}


@article{pijpers2008problematising,
  title={Problematising the â€˜orderlyâ€™aesthetic assumptions of forecasts of East--West migration in the European Union},
  author={Pijpers, Roos},
  journal={Environment and Planning A},
  volume={40},
  number={1},
  pages={174--188},
  year={2008},
  publisher={SAGE Publications}
}

@article{raymer2012does,
  title={Does specification matter? Experiments with simple multiregional probabilistic population projections},
  author={Raymer, James and Abel, Guy J and Rogers, Andrei},
  journal={Environment and Planning A},
  volume={44},
  number={11},
  pages={2664--2686},
  year={2012},
  publisher={SAGE Publications}
}

@article{schmidt2000aggregate,
  title={Aggregate-level migration studies as a tool for forecasting future migration streams},
  author={Schmidt, Christoph M and Fertig, Michael},
  year={2000},
  journal={IZA Discussion paper No. 183},
  publisher={IZA Discussion Paper}
}

@Manual{stan2015,
    title = {Stan Modeling Language User's Guide and Reference Manual,
      Version 2.10.0},
    author = {{Stan Development Team}},
    year = {2015},
    url = {http://mc-stan.org/},
}

@book{Taeuber1969,
author={Taeuber, Conrad and Keyfitz, Nathan and Flieger, Wilhelm},
year = {1969},
title = {{Introduction to the Mathematics of Population.}},
number = {3},
volume = {34},
pages = {425},
publisher = {American Sociological Review},
doi = {10.2307/2092532}
}

@article{wilson2004australia,
  title={Australia's uncertain demographic future},
  author={Wilson, Tom and Bell, Martin},
  journal={Demographic Research},
  volume={11},
  pages={195--234},
  year={2004}
}

@article{wood2003thin,
  title={Thin plate regression splines},
  author={Wood, Simon},
  journal={Journal of the Royal Statistical Society: Series B (Statistical Methodology)},
  volume={65},
  number={1},
  pages={95--114},
  year={2003},
  publisher={Wiley Online Library}
}
@book{wood2006generalized,
  title={Generalized additive models: an introduction with R},
  author={Wood, Simon},
  year={2006},
  publisher={CRC press}
}
@article{wood2015generalized,
  title={Generalized additive models for large data sets},
  author={Wood, Simon and Goude, Yannig and Shaw, Simon},
  journal={Journal of the Royal Statistical Society: Series C (Applied Statistics)},
  volume={64},
  number={1},
  pages={139--155},
  year={2015},
  publisher={Wiley Online Library}
}
@article{vehtari2017practical,
  title={Practical Bayesian model evaluation using leave-one-out cross-validation and WAIC},
  author={Vehtari, Aki and Gelman, Andrew and Gabry, Jonah},
  journal={Statistics and Computing},
  volume={27},
  number={5},
  pages={1413--1432},
  year={2017},
  publisher={Springer}
}
@techreport{eu2017quantitative,
     title = {{Quantitative assessment of asylum-related migration: a survey of methodology.}},
     author = {{European Union Publications Office}},
     year = {2017},
     institution = {Office of the European Union}
}
@article{dodd2018smoothing,
  title={Smoothing mortality data: the English Life Tables, 2010--2012},
  author={Dodd, Erengul and Forster, Jonathan J and Bijak, Jakub and Smith, Peter WF},
  journal={Journal of the Royal Statistical Society: Series A (Statistics in Society)},
  year={2018},
  publisher={Wiley Online Library}
}

@misc{shinystan,
	Author = {Gabry, Jonah and {Stan Development Team}},
	Title = {{shinyStan}: {R} Package for Interactive Exploration of {MCMC} Samples, {Version} 1.1.0},
	Url = {http://mc-stan.org},
	Year = {2015},
	Bdsk-Url-1 = {http://mc-stan.org}
}
	
@book{de1978practical,
  title={A practical guide to splines},
  author={De Boor, Carl},
  volume={27},
  year={1978},
  publisher={Springer-Verlag New York}
}

@book{wood2006generalized,
  title={Generalized additive models: an introduction with R},
  author={Wood, Simon},
  year={2006},
  publisher={CRC press}
}

@article{geweke2006bayesian,
  title={Bayesian forecasting},
  author={Geweke, John and Whiteman, Charles},
  journal={Handbook of economic forecasting},
  volume={1},
  pages={3--80},
  year={2006},
  publisher={Elsevier}
}

@incollection{duchon1977splines,
  title={Splines minimizing rotation-invariant semi-norms in Sobolev spaces},
  author={Duchon, Jean},
  booktitle={Constructive theory of functions of several variables},
  pages={85--100},
  year={1977},
  publisher={Springer}
}
