@misc{shinystan,
	Author = {Gabry, Jonah and {Stan Development Team}},
	Title = {{shinyStan}: {R} Package for Interactive Exploration of {MCMC} Samples, {Version} 1.1.0},
	Url = {http://mc-stan.org},
	Year = {2015},
	Bdsk-Url-1 = {http://mc-stan.org}
}
	
@book{de1978practical,
  title={A practical guide to splines},
  author={De Boor, Carl},
  volume={27},
  year={1978},
  publisher={Springer-Verlag New York}
}

@book{wood2006generalized,
  title={Generalized additive models: an introduction with R},
  author={Wood, Simon},
  year={2006},
  publisher={CRC press}
}

@article{geweke2006bayesian,
  title={Bayesian forecasting},
  author={Geweke, John and Whiteman, Charles},
  journal={Handbook of economic forecasting},
  volume={1},
  pages={3--80},
  year={2006},
  publisher={Elsevier}
}
@article{wood2003thin,
  title={Thin plate regression splines},
  author={Wood, Simon},
  journal={Journal of the Royal Statistical Society: Series B (Statistical Methodology)},
  volume={65},
  number={1},
  pages={95--114},
  year={2003},
  publisher={Wiley Online Library}
}

@incollection{duchon1977splines,
  title={Splines minimizing rotation-invariant semi-norms in Sobolev spaces},
  author={Duchon, Jean},
  booktitle={Constructive theory of functions of several variables},
  pages={85--100},
  year={1977},
  publisher={Springer}
}
